%! Author = adam
%! Date = 28.02.21
@article{1,
    author = {Harold Paatterson Mahon},
    title = {Design of an electrostatic deflector for the ion beam of the Oregon State College cyclotron},
    journal = {Oregon State University},
    year = {1954},
}
    
@book{2,
    author = {Richard Rhodes},
    title = {The Making of the Atomic Bomb},
    publisher = {Simon and Schuster},
    date = {1986},
}
@article{3,
    author = {J. F. Ziegler, J. P. Biersack, and U. Littmark},
    title = {he stopping and range of ions in solids},
    journal = {The stopping and ranges of ions in matter, vol 1},
    publisher = {Pergamon Press},
    address = {New York, New York},
    year = {1985},
}
@misc{4,
    author = {University of Helsinki},
    title = {Notes on Plasma Physics},
    url = {http://beam.helsinki.fi/~knordlun/mdh/rangetext.html}
}

@article{5,
    author = {Vittone Ettore},
    title = {Semiconductor Characterization by Scanning Ion Beam Induced Charge (IBIC) Microscopy},
    journal = {International Scholarly Research Notices},
    year = {2013},
    doi = {https://doi.org/10.1155/2013/637608},
}
@book{chen,
    author = {Francis F. Chen},
    title = {Introductino to Plasma Physics},
    date = {1977},
    publisher = {Plenum Publishng},
    address = {New York, New York},
}
